@inproceedings{roadalarm,
  author    = {Kisung Lee and
               Emre Yigitoglu and
               Ling Liu and
               Binh Han and
               Balaji Palanisamy and
               Calton Pu},
  title     = {RoadAlarm: {A} spatial alarm system on road networks},
  booktitle = {29th {IEEE} International Conference on Data Engineering, {ICDE} 2013,
               Brisbane, Australia, April 8-12, 2013},
  pages     = {1372--1375},
  year      = {2013},
  crossref  = {DBLP:conf/icde/2013},
  url       = {http://dx.doi.org/10.1109/ICDE.2013.6544947},
  doi       = {10.1109/ICDE.2013.6544947}
}

@proceedings{DBLP:conf/icde/2013,
  editor    = {Christian S. Jensen and
               Christopher M. Jermaine and
               Xiaofang Zhou},
  title     = {29th {IEEE} International Conference on Data Engineering, {ICDE} 2013,
               Brisbane, Australia, April 8-12, 2013},
  publisher = {{IEEE} Computer Society},
  year      = {2013},
  url       = {http://ieeexplore.ieee.org/xpl/mostRecentIssue.jsp?punumber=6530811},
  isbn      = {978-1-4673-4909-3}
}

@article{mur,
  author    = {Anand Murugappan and
               Ling Liu},
  title     = {An Energy Efficient Middleware Architecture for  Processing Spatial Alarms on Mobile Clients},
  journal   = {{MONET}},
  volume    = {15},
  number    = {4},
  pages     = {543--561},
  year      = {2010},
  url       = {http://dx.doi.org/10.1007/s11036-010-0221-2},
  doi       = {10.1007/s11036-010-0221-2}
}

@inproceedings{ognn,
  author    = {Nusrat Sultana and
               Tanzima Hashem and
               Lars Kulik},
  editor    = {Yan Huang and
               Markus Schneider and
               Michael Gertz and
               John Krumm and
               Jagan Sankaranarayanan},
  title     = {Group nearest neighbor queries in the presence of obstacles},
  booktitle = {Proceedings of the 22nd {ACM} {SIGSPATIAL} International Conference
               on Advances in Geographic Information Systems, Dallas/Fort Worth,
               TX, USA, November 4-7, 2014},
  pages     = {481--484},
  publisher = {{ACM}},
  year      = {2014},
  url       = {http://doi.acm.org/10.1145/2666310.2666484},
  doi       = {10.1145/2666310.2666484}
}
@inproceedings{bamba,
  author    = {Bhuvan Bamba and
               Ling Liu and
               Arun Iyengar and
               Philip S. Yu},
  title     = {Distributed Processing of Spatial Alarms: {A} Safe Region-Based Approach},
  booktitle = {29th {IEEE} International Conference on Distributed Computing Systems
               {(ICDCS} 2009), 22-26 June 2009, Montreal, Qu{\'{e}}bec, Canada},
  pages     = {207--214},
  publisher = {{IEEE} Computer Society},
  year      = {2009},
  url       = {http://dx.doi.org/10.1109/ICDCS.2009.25},
  doi       = {10.1109/ICDCS.2009.25}
}

@inproceedings{Obst1,
  author    = {Jun Zhang and
               Dimitris Papadias and
               Kyriakos Mouratidis and
               Manli Zhu},
  editor    = {Elisa Bertino and
               Stavros Christodoulakis and
               Dimitris Plexousakis and
               Vassilis Christophides and
               Manolis Koubarakis and
               Klemens B{\"{o}}hm and
               Elena Ferrari},
  title     = {Spatial Queries in the Presence of Obstacles},
  booktitle = {Advances in Database Technology - {EDBT} 2004, 9th International Conference
               on Extending Database Technology, Heraklion, Crete, Greece, March
               14-18, 2004, Proceedings},
  series    = {Lecture Notes in Computer Science},
  volume    = {2992},
  pages     = {366--384},
  publisher = {Springer},
  year      = {2004},
  url       = {http://dx.doi.org/10.1007/978-3-540-24741-8_22},
  doi       = {10.1007/978-3-540-24741-8_22}
}
@inproceedings{liu,
  author    = {Myungcheol Doo and
               Ling Liu and
               Nitya Narasimhan and
               Venu Vasudevan},
  editor    = {Divyakant Agrawal and
               Pusheng Zhang and
               Amr El Abbadi and
               Mohamed F. Mokbel},
  title     = {Efficient indexing structure for scalable processing of spatial alarms},
  booktitle = {18th {ACM} {SIGSPATIAL} International Symposium on Advances in Geographic
               Information Systems, {ACM-GIS} 2010, November 3-5, 2010, San Jose,
               CA, USA, Proceedings},
  pages     = {426--429},
  publisher = {{ACM}},
  year      = {2010},
  url       = {http://doi.acm.org/10.1145/1869790.1869853},
  doi       = {10.1145/1869790.1869853}
}

@inproceedings{obst2,
  author    = {Yunjun Gao and
               Jiacheng Yang and
               Gang Chen and
               Baihua Zheng and
               Chun Chen},
  editor    = {Isabel F. Cruz and
               Divyakant Agrawal and
               Christian S. Jensen and
               Eyal Ofek and
               Egemen Tanin},
  title     = {On efficient obstructed reverse nearest neighbor query processing},
  booktitle = {19th {ACM} {SIGSPATIAL} International Symposium on Advances in Geographic
               Information Systems, {ACM-GIS} 2011, November 1-4, 2011, Chicago,
               IL, USA, Proceedings},
  pages     = {191--200},
  publisher = {{ACM}},
  year      = {2011},
  url       = {http://doi.acm.org/10.1145/2093973.2094000},
  doi       = {10.1145/2093973.2094000}
}