@article{mknn,
  author    = {Chuanwen Li and
               Yu Gu and
               Jianzhong Qi and
               Rui Zhang and
               Ge Yu},
  title     = {A safe region based approach to moving {KNN} queries in obstructed
               space},
  journal   = {Knowl. Inf. Syst.},
  volume    = {45},
  number    = (},
  pages     = {417--451},
  year      = {2015}
 
}

@book{deberg,
	Author = {Mark de Berg and Otfried Cheong and Marc van Kreveld and Mark Overmars},
	Date-Modified = {},
	Keywords = {},
	Owner = {},
	Publisher = {Springer},
	Timestamp = {},
	Title = {Computational Geometry: Algorithms and Applications},
	Url = {},
	Year = {1997}}
@inproceedings{roadalarm,
  author    = {Kisung Lee and
               Emre Yigitoglu and
               Ling Liu and
               Binh Han and
               Balaji Palanisamy and
               Calton Pu},
  title     = {RoadAlarm: {A} spatial alarm system on road networks},
  booktitle = {29th {IEEE}, {ICDE} 2013,
               Brisbane, Australia, April 8-12, 2013},
  pages     = {1372--1375},
  year      = {2013},
  crossref  = {},
  url       = {},
  doi       = {},
  timestamp = {},
  biburl    = {},
  bibsource = {}
}

@proceedings{DBLP:conf/icde/2013,
  editor    = {Christian S. Jensen and
               Christopher M. Jermaine and
               Xiaofang Zhou},
  title     = {29th {IEEE}, {ICDE} 2013,
               Brisbane, Australia, April 8-12, 2013},
  publisher = {},
  year      = {2013},
  url       = {},
  isbn      = {},
  timestamp = {},
  biburl    = {},
  bibsource = {}
}

@article{mur,
  author    = {Anand Murugappan and
               Ling Liu},
  title     = {An Energy Efficient Middleware Architecture for  Processing Spatial Alarms on Mobile Clients},
  journal   = {{MONET}},
  volume    = {15},
  number    = {4},
  pages     = {543--561},
  year      = {2010},
  url       = {},
  doi       = {},
  timestamp = {},
  biburl    = {},
  bibsource = {}
}

@inproceedings{ognn,
  author    = {Nusrat Sultana and
               Tanzima Hashem and
               Lars Kulik},
  editor    = {},
  title     = {Group nearest neighbor queries in the presence of obstacles},
  booktitle = {Proceedings of the 22nd {ACM} {SIGSPATIAL}, USA, November 4-7, 2014},
  pages     = {481--484},
  publisher = {},
  year      = {2014},
  url       = {},
  doi       = {},
  timestamp = {},
  biburl    = {},
  bibsource = {}
}
@inproceedings{bamba,
  author    = {Bhuvan Bamba and
               Ling Liu and
               Arun Iyengar and
               Philip S. Yu},
  title     = {Distributed Processing of Spatial Alarms: {A} Safe Region-Based Approach},
  booktitle = {29th {IEEE} {(ICDCS} 2009), 22-26 June 2009, Canada},
  pages     = {207--214},
  publisher = {{IEEE} Computer Society},
  year      = {2009},
  url       = {},
  doi       = {},
  timestamp = {},
  biburl    = {},
  bibsource = {}
}

@inproceedings{Obst1,
  author    = {Jun Zhang and
               Dimitris Papadias and
               Kyriakos Mouratidis and
               Manli Zhu},
  editor    = {},
  title     = {Spatial Queries in the Presence of Obstacles},
  booktitle = {Advances in Database Technology - {EDBT}, 9th International Conference
               on Extending Database Technology,Greece},
  series    = {},
  volume    = {},
  pages     = {366--384},
  publisher = {},
  year      = {2004},
  url       = {},
  doi       = {},
  timestamp = {},
  biburl    = {},
  bibsource = {}
}
@inproceedings{liu,
  author    = {Myungcheol Doo and
               Ling Liu and
               Nitya Narasimhan and
               Venu Vasudevan},
  editor    = {},
  title     = {Efficient indexing structure for scalable processing of spatial alarms},
  booktitle = {18th {ACM} {SIGSPATIAL}, {ACM-GIS} 2010,USA,},
  pages     = {426--429},
  publisher = {},
  year      = {2010},
  url       = {},
  doi       = {},
  timestamp = {},
  biburl    = {},
  bibsource = {}
}

@inproceedings{obst2,
  author    = {Yunjun Gao and
               Jiacheng Yang and
               Gang Chen and
               Baihua Zheng and
               Chun Chen},
  editor    = {},
  title     = {On efficient obstructed reverse nearest neighbor query processing},
  booktitle = {19th {ACM} {SIGSPATIAL},{ACM-GIS} 2011,USA},
  pages     = {191--200},
  publisher = {},
  year      = {2011},
  url       = {},
  doi       = {},
  timestamp = {},
  biburl    = {},
  bibsource = {}
}





